<?xml version="1.0" encoding="UTF-8"?><record xmlns="http://www.loc.gov/MARC21/slim" xmlns:cinclude="http://apache.org/cocoon/include/1.0" xmlns:zs="http://www.loc.gov/zing/srw/">
  <leader>00541cz  a2200157n  4500</leader>
  <controlfield tag="001">n 2009058836</controlfield>
  <controlfield tag="003">DLC</controlfield>
  <controlfield tag="005">20160414075406.0</controlfield>
  <controlfield tag="008">090916n| azannaabn          |a aaa      </controlfield>
  <datafield tag="010" ind1=" " ind2=" ">
    <subfield code="a">n 2009058836</subfield>
  </datafield>
  <datafield tag="035" ind1=" " ind2=" ">
    <subfield code="a">(OCoLC)oca08242416</subfield>
  </datafield>
  <datafield tag="040" ind1=" " ind2=" ">
    <subfield code="a">DLC</subfield>
    <subfield code="b">eng</subfield>
    <subfield code="e">rda</subfield>
    <subfield code="c">DLC</subfield>
    <subfield code="d">CtY</subfield>
  </datafield>
  <datafield tag="100" ind1="1" ind2=" ">
    <subfield code="a">González Blanco, Azucena</subfield>
  </datafield>
  <datafield tag="400" ind1="1" ind2=" ">
    <subfield code="a">Blanco, Azucena González</subfield>
  </datafield>
  <datafield tag="670" ind1=" " ind2=" ">
    <subfield code="a">González Blanco, Azucena. El instante, la contradicción, 2007:</subfield>
    <subfield code="b">t.p. (Azucena González Blanco)</subfield>
  </datafield>
  <datafield tag="670" ind1=" " ind2=" ">
    <subfield code="a">Teoria y comparatismo, 2014:</subfield>
    <subfield code="b">title page (Azucena González Blanco)</subfield>
  </datafield>
</record>